Automatically generated by Mendeley Desktop 1.19.4
Any changes to this file will be lost if it is regenerated by Mendeley.

BibTeX export options can be customized via Options -> BibTeX in Mendeley Desktop

@misc{Calitri2018,
abstract = {Calitri Technology portable fish counters are light weight, compact, easy-to-use and maintain. The fish counter outlet can be placed directly in a pond, on a reception tank, and the fish counter can be used in conjunction with a fish pump and grader. Applications include pond-to-pond, tank-to-tank, and small fish farms. 90-220VAC/15VDC, 50/60 Hz. IP67 rated cable connectors for wet locations and harsh conditions. Display shows the counting value and sensor diagnostics. Maximum water flow is 12m³/hr. Includes two aluminum support tubes, 59"L x 1"Dia. One-year warranty.},
author = {Calitri},
title = {{Calitri Technology Fish Counters}},
url = {https://pentairaes.com/calitri-fish-counters.html},
urldate = {2019-09-25},
year = {2018}
}
@misc{Apollo2013,
author = {Apollo},
title = {{Apollo – Fish grader}},
urldate = {2019-09-22},
year = {2013}
}
@misc{FAIVRE2018,
abstract = {The SPS system provides a unique precise and safe sorting. In 1987 FAIVRE company developed the SPS TECHNOLOGY based on a unique sorting-conveying system. With this exclusive patented technology, our automatic fish graders can sort any fish species : trouts, salmons, sea bass, sea breams, tilapias, eels, carps, perches, barramundi...},
author = {FAIVRE},
pages = {2},
title = {{Principle of the SPS technology}},
url = {http://www.faivre.fr/index.php/en/products/fish-graders/19-en-produits/183-en-fish-grader-sps},
urldate = {2019-09-23},
year = {2018}
}
@article{Al-Jubouri2017,
abstract = {{\textcopyright} 2017 IEEE. Machine vision has been widely and efficiently used for various industrial applications. However, in marine applications, this technology is still facing big challenges due to the free-swimming nature and unpredictable behavior of the fish. This paper presents new models for length estimation of small-size free-swimming fish objects using low-cost machine vision system. These models include two camera setups; orthogonal and stereo. In the orthogonal setup, one camera is used for measurement of the object's distance. This camera is synchronized with another orthogonally oriented one for the object's length measurement. The measured distance and length are then used to estimate the actual length of the object. In the stereo setup, however, both cameras are simultaneously used to measure the object's distance and length. Automatic calibration based on fixed object with known diameter is also considered in this study to measure the real value of object's length. In particular, for short camera distance, the effect of light refraction is assumed to be negligible therefore; a linear relationship is adopted to estimate actual object's length for stereo setup. This approximation is assessed experimentally and the measurement error in the object's length is found to be within the range of ± 1{\%}.},
author = {Al-Jubouri, Qussay and Al-Nuaimy, Waleed and Al-Taee, Majid and Young, Iain},
doi = {10.1109/SSD.2017.8166931},
file = {:C$\backslash$:/Users/PabloGod/Creative Cloud Files/Downloads/0 TESIS/bibliografia/08166931.pdf:pdf},
isbn = {9781538631751},
journal = {2017 14th International Multi-Conference on Systems, Signals and Devices, SSD 2017},
keywords = {fish length estimation,image calibration,machine vision,orthogonal,stereo},
pages = {469--474},
title = {{Towards automated length-estimation of free-swimming fish using machine vision}},
volume = {2017-Janua},
year = {2017}
}
@misc{Daley2018,
abstract = {A Norwegian aquaculture company plans to combat sea lice and other problems by monitoring individual salmon in a high-tech fish farms.},
author = {Daley, Jason},
booktitle = {Smart News},
pages = {1},
title = {{How Fish Farms Can Use Facial Recognition to Survey Sick Salmon}},
url = {https://www.smithsonianmag.com/smart-news/facial-recognition-will-be-used-monitor-fish-faces-180970493/},
urldate = {2019-09-23},
year = {2018}
}
@incollection{Hao2016,
author = {Hao, Mingming and Yu, Helong and Li, Daoliang},
doi = {10.1007/978-3-319-48354-2_2},
isbn = {978-3-319-48354-2},
pages = {15--32},
title = {{The Measurement of Fish Size by Machine Vision - A Review}},
url = {http://link.springer.com/10.1007/978-3-319-48354-2{\_}2},
year = {2016}
}
@misc{Biosort2016,
abstract = {iFarm can solve many of the challenges that currently restrict growth in salmon farming. Today's group based registration and execution of measures will be replaced by individual registration and treatment. Cermaq applies for 10 development licenses to take iFarm concept from the research phase up to an industrial product. The sensors of iFarm have computer vision, which recognizes each individual based on the dot pattern of the salmon. In a sensor chamber, number of fish, fish size, number of sea lice, and possible signs of the disease are registered. The method enables individual-based fish farming. Hence, iFarmrepresents a technological leap in the development of cage farming. - There will be huge gains if growth can be channeled to the sites of the current type. This growth strategy will preserve and strengthen Norway's advantage as salmon producer within the current iste structure. iFarm will be a significant contribution to the solution of the area challenges that aquaculture is facing, says CEO Geir Molvik in Cermaq. - As the fish passes the sensor chamber we can take out individual fish e.g. for lice treatment. We know that lice are very unevenly distributed. Thus, we can reduce lice treatment when we treat only the fish that has lice. Similarly, we sort on the basis of weight and remove the fish ready for harvest without stressing the remaining fish, informs Geir Molvik. As we can monitor each individual, we can detect whether a fish stops growing, differs from previous growth rate, or gets an unexplained decline in condition factor. These may be symptoms that something is wrong with this fish. Because iFarm has the entire growth and conditional history of each individual, we can detect such changes even if the observation is within the normal of the population. Diagnostic work and measures can thus be initiated earlier. - This is a technological leap for the cage based salmon farming, where we shift from group-based operations to individual registration and treatment. If we succeed with this, the growth vision can be realized within the $\backslash$"inshore$\backslash$"-sites, concludes Geir Molvik. The iFarm sensor is a technical concept developed by BioSort AS. BioSort's key personnel have all background from Tomra's recognition and sorting technology. Further development of these technologies for application in sea opens new opportunities for aquaculture.},
author = {Biosort},
pages = {1},
title = {{iFarm - Individualized aquaculture}},
url = {https://www.youtube.com/watch?v=JsGPwjEIeio},
urldate = {2019-09-21},
year = {2016}
}
@misc{FAIVRE2019,
abstract = {Grader fish counters},
author = {FAIVRE},
pages = {1},
title = {{Grader fish counters}},
url = {http://www.faivre.fr/index.php/en/products/fish-counters},
urldate = {2019-09-29},
year = {2019}
}
@book{Pahl2007,
abstract = {Engineering design must be carefully planned and systematically executed. In particular, engineering design methods must integrate the many different aspects of designing and the priorities of the end-user. Engineering Design (3rd edition) describes a systematic approach to engineering design. The authors argue that such an approach, applied flexibly and adapted to a particular task, is essential for successful product development. The design process is first broken down into phases and then into distinct steps, each with its own working methods. The third edition of this internationally-recognised text is enhanced with new perspectives and the latest thinking. These include extended treatment of product planning; new sections on organisation structures, simultaneous engineering, leadership and team behaviour; and updated chapters on quality methods and estimating costs. New examples have been added and existing ones extended, with additions on design to minimise wear, design for recycling, mechanical connections, mechatronics, and adaptronics.},
address = {London},
author = {Pahl, Gerhard and Beitz, Wolfgang and Feldhusen, J{\"{o}}rg and Grote, Karl-Heinrich},
doi = {10.1007/978-1-84628-319-2},
edition = {3},
isbn = {978-1-84628-318-5},
pages = {617},
publisher = {Springer London},
title = {{Engineering Design}},
url = {http://link.springer.com/10.1007/978-1-84628-319-2},
year = {2007}
}
@misc{Andina2019,
abstract = {El sector acu{\'{i}}cola peruano estar{\'{a}} en condiciones de conquistar nuevos mercados de exportaci{\'{o}}n luego de las medidas implementadas por el Gobierno para impulsar su desarrollo, afirm{\'{o}} hoy el Ministerio de Econom{\'{i}}a y Finanzas (MEF).},
author = {Andina},
pages = {1},
title = {{Sector acu{\'{i}}cola peruano conquistar{\'{a}} nuevos mercados de exportaci{\'{o}}n}},
url = {https://andina.pe/agencia/noticia-sector-acuicola-peruano-conquistara-nuevos-mercados-exportacion-759533.aspx},
urldate = {2019-09-20},
year = {2019}
}
@misc{MINAGRI2011,
abstract = {Los recursos hidrobiol{\'{o}}gicos se refieren a los organismos que pasan toda su vida o parte de ella en un ambiente acu{\'{a}}tico y son utilizados por el hombre en forma directa o indirectamente. La diversidad hidrobiol{\'{o}}gica del mar peruano es inmensa, habi{\'{e}}ndose identificado unas 750 especies de peces, 872 de moluscos, 412 de crust{\'{a}}ceos, 45 de equinodermos y 240 de algas, as{\'{i}} como quelonios, cet{\'{a}}ceos y mam{\'{i}}feros, de las cuales s{\'{o}}lo una peque{\~{n}}a fracci{\'{o}}n son explotadas comercialmente.},
author = {MINAGRI},
pages = {1},
title = {{Hidrobiol{\'{o}}gico}},
url = {https://www.minagri.gob.pe/portal/41-sectoragrario/recursos-naturales/320-hidrobiologico},
urldate = {2019-09-20},
year = {2011}
}
@incollection{Greene2007,
author = {Greene, H and Todd, Brian},
isbn = {978-1-897095-33-1},
month = {jan},
pages = {vii--xiv},
title = {{Preface}},
year = {2007}
}
@book{Greene2007a,
abstract = {This volume reports upon the results of marine seabed mapping papers and posters presented at GeoHab conferences held between 2002 and 2006. GeoHab is a scientific organization conceived in Bergen, Norway in 2001 at a seabed survey technology workshop hosted by Thomas Noji, the at the Norwegian Institute of Marine Research. The Bergen workshop was followed by a special session on marine habitat mapping held at the 2001 Geological Association of Canada (GAC) conference held in St. John's, Newfoundland, Canada. This GAC special session represents the first formal GeoHab conference. Therefore, it is fitting that the first published results of GeoHab conferences be issued as a Special Paper of the GAC. Following the St. John's meeting, GeoHab has convened conferences each year during the first week of May at Moss Landing, California, USA (2002), Hobart, Tasmania, Australia (2003), Galway, Ireland (2004), Sidney, British Columbia, Canada (2005), Edinburgh, Scotland, UK (2006) and Noum{\'{e}}a, New Caledonia (2007). The objective of GeoHab is to provide an annual forum in which marine physical and biological scientists report upon the results of mapping and characterizing marine benthic habitats and engage in constructive dialog of mutual interest. The formation of GeoHab in 2001 was timely and constructive because of the emerging cross-disciplinary scientific field of marine benthic habitat mapping and characterization, an emergence primarily accelerated through the development of new technologies that allowed for complete and detailed imaging of the seafloor. Participation in the GeoHab has increased substantially over the past years with the inclusion of managers and policy makers. This book is divided into chapters; seafloor imaging and mapping technologies, seafloor mapping techniques, habitat classification schemes, marine habitat mapping case histories, seafloor disturbances, and marine policy. The papers presented in this volume represent the latest results in the field of marine benthic habitat mapping, characterization, and application. We hope that you find the assemblage of papers here useful, as it is our intent to contribute a work that can be used for general information and as a supplement to education wherever courses on marine mapping techniques and habitat characterization are being offered.},
author = {Greene, H and Todd, Brian},
isbn = {978-1-897095-33-1},
mendeley-groups = {Thesis},
pages = {505},
title = {{Mapping the seafloor for habitat characterization}},
year = {2007}
}
@article{Powell2003,
author = {Powell, Kendall},
doi = {10.1038/426378a},
issn = {0028-0836},
journal = {Nature},
mendeley-groups = {Thesis},
month = {nov},
number = {6965},
pages = {378--379},
title = {{Eat your veg}},
url = {https://www.nature.com/articles/426378a http://www.nature.com/articles/426378a},
volume = {426},
year = {2003}
}
@misc{FAIVRE2013,
abstract = {These fish counters have the latest technology with infrared LED counting, their simplicity of use and their no equivalent easy set up.},
author = {FAIVRE},
file = {:C$\backslash$:/Users/PabloGod/AppData/Local/Mendeley Ltd./Mendeley Desktop/Downloaded/FAIVRE - 2013 - Fish counter Pescavision.pdf:pdf},
mendeley-groups = {Thesis},
pages = {4--5},
publisher = {FAIVRE},
title = {{Fish counter Pescavision}},
url = {http://www.faivre.fr/index.php/en/products/fish-counters/en-pescavision-counter/19-en-produits/109-en-counter-p30},
year = {2013}
}
@misc{2005,
abstract = {The present invention, rearing rainbow trout, breeding by methods and a method for cultivation or farming, it relates to aquaculture or farmed been rainbow trout. The present invention may rearing rainbow trout, tighten if required the use of an agent by using the deep sea water farming or farming, breeding rainbow trout Te following, the preferred rainbow trout by this method with stabilizing method of cultivation or farming it is obtained by allow.},
author = {{利 岡本 高瀬}, 進},
file = {:C$\backslash$:/Users/PabloGod/AppData/Local/Mendeley Ltd./Mendeley Desktop/Downloaded/利 岡本 高瀬 - 2005 - Reared rainbow trout, breeding by methods and a method for cultivation or farming, aquaculture or farmed been rainbow t.pdf:pdf},
mendeley-groups = {Thesis},
pages = {9},
title = {{Reared rainbow trout, breeding by methods and a method for cultivation or farming, aquaculture or farmed been rainbow trout.}},
url = {https://patents.google.com/patent/JP4468278B2/en?q=trout{\&}q=farming{\&}oq=trout+farming},
year = {2005}
}
@misc{2017,
abstract = {La invenci{\'{o}}n revela un m{\'{e}}todo de cr{\'{i}}a integrado para el esturi{\'{o}}n y la trucha arco iris. El m{\'{e}}todo comprende los siguientes pasos: organizar una piscina para la cr{\'{i}}a de esturiones y una zanja para la cr{\'{i}}a de truchas arco iris, esterilizar la piscina para la cr{\'{i}}a de esturiones y la zanja para la cr{\'{i}}a de truchas arco iris, sumergir los alevines de esturi{\'{o}}n y los alevines de truches arco iris en agua salada con un 3-5 {\%} de peso durante 3-5 minutos y, a continuaci{\'{o}}n, colocarlos en la piscina para la cr{\'{i}}a de esturiones y en la zanja para la cr{\'{i}}a de truches de truches arco iris, respectivamente; a{\~{n}}adiendo uniformemente el alimento especial de pellets de esturi{\'{o}}n a la piscina de cultivo de esturi{\'{o}}n, donde la proporci{\'{o}}n entre el peso diario del alimento especial de pellets de esturi{\'{o}}n y el peso corporal de los alevines de esturi{\'{o}}n es ( 5-6): 100; despu{\'{e}}s de 3-4 horas, agregando alimento especial de pellets de trucha arco iris a la zanja de cr{\'{i}}a de truchas arco iris, donde la proporci{\'{o}}n entre el peso diario agregado del alimento especial de pellets de trucha arco iris y el peso corporal de los alevines de trucha arco iris es ( 1-2): 100, la frecuencia de alimentaci{\'{o}}n es de 3 veces al d{\'{i}}a, y la cantidad de alimentaci{\'{o}}n es la misma cada vez; la desinfecci{\'{o}}n se realiza utilizando agentes antibacterianos, donde la dosis de los agentes antimicrobianos es de 7-9 kg/ 667 m{\textless}3{\textgreater}, y la frecuencia de utilizaci{\'{o}}n de los agentes antimicrobianos es de una vez cada 30-40 d{\'{i}}as. Traducci{\'{o}}n realizada con el traductor www.DeepL.com/Translator},
author = {沈蓓杰 & 章星明 and 孙德祥 and 李正荣 and 许世富 and 俞爱萍 and 周洵 and 芮金兵},
file = {:C$\backslash$:/Users/PabloGod/AppData/Local/Mendeley Ltd./Mendeley Desktop/Downloaded/沈蓓杰 et al. - 2017 - M{\'{e}}todo de cr{\'{i}}a integrado para la trucha de esturi{\'{o}}n y la trucha arco iris.pdf:pdf},
mendeley-groups = {Thesis},
pages = {9},
title = {{M{\'{e}}todo de cr{\'{i}}a integrado para la trucha de esturi{\'{o}}n y la trucha arco iris}},
url = {https://patents.google.com/patent/CN107258625A/en?q=trout{\&}q=farming{\&}oq=trout+farming},
year = {2017}
}
@misc{FAIVRE2019a,
abstract = {FAIVRE presenta una gama completa de seleccionadores autom{\'{a}}ticos a los profesionales interesados en la calidad de la selecci{\'{o}}n de sus peces. El sistema patentado SPS ofrece las garant{\'{i}}as necesarias para una selecci{\'{o}}n precisa y r{\'{a}}pida, incluso con las especies m{\'{a}}s fr{\'{a}}giles.},
author = {FAIVRE},
file = {:C$\backslash$:/Users/PabloGod/AppData/Local/Mendeley Ltd./Mendeley Desktop/Downloaded/FAIVRE - 2019 - Seleccionadores autom{\'{a}}ticos.pdf:pdf},
keywords = {salmon,trout,trucha},
mendeley-groups = {Thesis},
pages = {1--2},
publisher = {FAIVRE},
title = {{Seleccionadores autom{\'{a}}ticos}},
url = {http://www.faivre.fr/index.php/en/products/fish-graders/fish-grader-helios-25},
year = {2019}
}
@article{AGKAquakultur-Teich2010,
author = {{AGK Aquakultur - Teich}},
file = {:C$\backslash$:/Users/PabloGod/AppData/Local/Mendeley Ltd./Mendeley Desktop/Downloaded/AGK Aquakultur - Teich - 2010 - Vollautomatische Sortiermaschine.pdf:pdf},
isbn = {3000000798},
mendeley-groups = {Thesis},
title = {{Vollautomatische Sortiermaschine}},
url = {https://www.agk-kronawitter.de/shop/Aquakultur-Teich/Sortiergeraete/Sortiermaschine/Vollautomatische-Sortiermaschine.html},
year = {2010}
}
@misc{Jingwen2014,
abstract = {The utility model relates to the technical field of fishery auxiliary equipment, in particular to an automatic fish grader which comprises an automatic grading machine and at least one automatic counting machine. The automatic grading machine comprises a framework, fish outlet pipes are arranged at an end of the framework, each automatic counting machine comprises a counting fish tank, a fish inlet pipe is arranged at an end of each counting fish tank, and each fish outlet pipe is communicated with the corresponding fish inlet pipe. The automatic fish grader has the advantages that the sizes and the quantities of fishes can be distinguished by the aid of the machines, accordingly, work time can be shortened, the work efficiency can be greatly improved, the accuracy of data can be guaranteed, the fishes can be prevented from being injured during measurement and calculation, and the survival rate of the fishes can be guaranteed.},
author = {Jingwen, Zhang},
file = {:C$\backslash$:/Users/PabloGod/AppData/Local/Mendeley Ltd./Mendeley Desktop/Downloaded/Jingwen - 2014 - Automatic fish grader.pdf:pdf},
mendeley-groups = {Thesis},
title = {{Automatic fish grader}},
url = {https://patents.google.com/patent/CN203884438U/en?oq=CN203884438U},
year = {2014}
}
@misc{2010,
abstract = {The present invention includes a weighing compartment that is designed to receive a single fish, mechanically coupled to the weighing compartment, weighed designed to sense the weight exerted on the weighing compartment by the fish devices and related fish sorter having. Another aspect of the present invention (aspect) relates to a method for classifying the fish.},
author = {スフェン・キュネン},
file = {:C$\backslash$:/Users/PabloGod/AppData/Local/Mendeley Ltd./Mendeley Desktop/Downloaded/スフェン・キュネン - 2010 - Fish classification device and fish classification method.pdf:pdf},
keywords = {Sufen kyunen},
mendeley-groups = {Thesis},
pages = {8},
title = {{Fish classification device and fish classification method}},
url = {https://patents.google.com/patent/JP5563164B2/en?oq=JP5563164B2},
year = {2010}
}
@article{Institucional2019,
author = {Institucional, Imagen and Peruanos, Supermercados and Vea, Plaza},
file = {:C$\backslash$:/Users/PabloGod/AppData/Local/Mendeley Ltd./Mendeley Desktop/Downloaded/Institucional, Peruanos, Vea - 2019 - los d{\'{i}}as martes ! patrimonio de la humanidad ! es.pdf:pdf},
mendeley-groups = {Thesis},
title = {los d{\'{i}}as martes ! patrimonio de la humanidad ! es},
year = {2019}
}
@article{Lurigancho2019,
author = {Lurigancho, San Juan De},
file = {:C$\backslash$:/Users/PabloGod/AppData/Local/Mendeley Ltd./Mendeley Desktop/Downloaded/Lurigancho - 2019 - ¡ Bienvenido.pdf:pdf},
mendeley-groups = {Thesis},
title = {{¡ Bienvenido}},
year = {2019}
}
@article{Nacional,
author = {Nacional, Fondo and Pesquero, De Desarrollo},
file = {:C$\backslash$:/Users/PabloGod/AppData/Local/Mendeley Ltd./Mendeley Desktop/Downloaded/Nacional, Pesquero - Unknown - Trucha Trucha.pdf:pdf},
mendeley-groups = {Thesis},
title = {{Trucha Trucha}}
}
@article{Jaulas,
author = {Jaulas, Piscicultura E N},
file = {:C$\backslash$:/Users/PabloGod/AppData/Local/Mendeley Ltd./Mendeley Desktop/Downloaded/Jaulas - Unknown - Piscicultura en Jaulas Flotantes.pdf:pdf},
mendeley-groups = {Thesis},
title = {{Piscicultura en Jaulas Flotantes}}
}
@article{Gilbert,
author = {Gilbert, Ronnie J and Extension, Cooperative and Service, Cooperative Extension},
file = {:C$\backslash$:/Users/PabloGod/AppData/Local/Mendeley Ltd./Mendeley Desktop/Downloaded/Gilbert, Extension, Service - Unknown - Trout Production.pdf:pdf},
mendeley-groups = {Thesis},
title = {{Trout Production}}
}
@article{FAO2014,
abstract = {Como es de amplio conocimiento, el consumo de productos pesqueros tiene importantes beneficios nutricionales. Es as{\'{i}} como el pescado y los mariscos se constituyen en un componente importante para alcanzar una dieta balanceada y saludable, especialmente en los ni{\~{n}}os y mujeres embarazadas, ya que no solo aporta prote{\'{i}}nas, sino tambi{\'{e}}n {\'{a}}cidos grasos y otros nutrientes y micronutrientes esenciales para el buen desarrollo y funcionamiento del cuerpo humano. Es as{\'{i}} como la inclusi{\'{o}}n del pescado en la dieta reduce el riesgo de que las mujeres den a luz a ni{\~{n}}os con un desarrollo sub{\'{o}}ptimo del cerebro y del sistema nervioso. Seg{\'{u}}n datos de la Organizaci{\'{o}}n de las Naciones Unidas para la Alimentaci{\'{o}}n y la Agricultura (FAO), el pescado representa a nivel mundial el 17{\%} del consumo de prote{\'{i}}nas de origen animal. Por otra parte, Guatemala es uno de los pa{\'{i}}ses con el menor consumo per c{\'{a}}pita de pescado en la regi{\'{o}}n (4.4 libras) lo que lo deja muy distante del promedio mundial (36 libras). La falta de disponibilidad y de acceso a este alimento podr{\'{i}}a ser una de las principales causas para el bajo consumo de pescado en el pa{\'{i}}s. Sin embargo, durante los {\'{u}}ltimos a{\~{n}}os, la pesca y la acuicultura han evolucionado significativamente en Guatemala desde la perspectiva productiva, econ{\'{o}}mica y social. Estos cambios han permitido formular l{\'{i}}neas de pol{\'{i}}tica que han contribuido a su desarrollo y han permitido que el consumo de estos productos adquiera mayor relevancia, como fuente de alimento de alto valor nutritivo, de generaci{\'{o}}n de trabajo; y de ingresos para las familias vinculadas al sector y a la econom{\'{i}}a del pa{\'{i}}s.},
author = {FAO},
file = {:C$\backslash$:/Users/PabloGod/AppData/Local/Mendeley Ltd./Mendeley Desktop/Downloaded/FAO - 2014 - Manual Pr{\'{a}}ctico para el Cultivo de la Trucha Arco{\'{i}}ris.pdf:pdf},
journal = {FAO Fisheries and Aquaculture},
mendeley-groups = {Thesis},
pages = {44},
title = {{Manual Pr{\'{a}}ctico para el Cultivo de la Trucha Arco{\'{i}}ris}},
url = {http://www.fao.org/3/a-bc354s.pdf},
year = {2014}
}
@article{Sianturi2019,
abstract = {ΕΙ$\Sigma$ ΤΟΝ ΑΙ$\Omega$ΝΑ},
author = {Sianturi, E.T.},
file = {:C$\backslash$:/Users/PabloGod/AppData/Local/Mendeley Ltd./Mendeley Desktop/Downloaded/Sianturi - 2019 - No TitleΕ$\Lambda$ΕΝΗ.pdf:pdf},
journal = {Α$\gamma$$\alpha$$\eta$},
keywords = {ΕΡ$\Psi$$\Sigma$-Α$\Gamma$Α$\Pi$Η},
mendeley-groups = {Thesis},
number = {5},
pages = {55},
title = {{No TitleΕ$\Lambda$ΕΝΗ}},
volume = {8},
year = {2019}
}
@book{Woynarovich2011,
abstract = {This technical paper is a basic guide to the starting and successful practice of small-scale trout farming. It summarizes all the technical information that it is important to know for small-scale trout production. In mountainous regions, where water resources could support profitable trout farming, protection of the environment is also important. Therefore, this technical paper contains sections with information about the basics of efficient treatment of trout farm effluents. The concept of this technical paper is to guide the reader through the necessary technical information, related practical solutions and the steps of preparation of both investment in and day-to-day operation of a small-scale rainbow trout farm. In order to satisfy interest for specific details, a glossary has been compiled and tables and annexes attached. Explanations are short but together with their illustrations they should be informative. Hence, it is hoped that this combination will facilitate easy understanding and learning of rainbow trout farming.},
author = {Woynarovich, Andr{\'{a}}s and Hoitsy, Gy{\"{o}}rgy and Moth-Poulsen, Thomas},
booktitle = {FAO fisheries and aquaculture},
file = {:C$\backslash$:/Users/PabloGod/AppData/Local/Mendeley Ltd./Mendeley Desktop/Downloaded/Woynarovich, Hoitsy, Moth-Poulsen - 2011 - Small-scale rainbow trout farming.pdf:pdf},
isbn = {9789251068199},
issn = {2070-7010},
keywords = {ASFA 1: Biological Sci,ASFA Aquaculture Abstracts,Aquaculture effluents,Aquaculture techniques,Bibliographies,Cost analysis,Culture tanks,Disease control,Effluents,Environment management,Feed,Fish culture,Fish diseases,Freshwater,Glossaries,Ground water,Illustrations,Investments,Manuals,Mountains,Oncorhynchus mykiss,Pond culture,Prophylaxis,Q1 01582:Fish culture,Q3 01588:Effects of Aquaculture on the Environment,Rainbow trout,Rearing,Seed production,Site selection,Small scale aquaculture,Water resources},
mendeley-groups = {Thesis},
pages = {81p},
title = {{Small-scale rainbow trout farming}},
url = {http://search.proquest.com/docview/1268652225?accountid=14643{\%}5Cnhttp://mlbsfx.sibi.usp.br:3410/sfxlcl41?url{\_}ver=Z39.88-2004{\&}rft{\_}val{\_}fmt=info:ofi/fmt:kev:mtx:book{\&}genre=book{\&}sid=ProQ:Aquatic+Science+{\&}+Fisheries+Abstracts+(ASFA)+Aquaculture+Abstracts{\&}atitl},
year = {2011}
}
@article{FAIVRE2018a,
author = {FAIVRE},
file = {:C$\backslash$:/Users/PabloGod/AppData/Local/Mendeley Ltd./Mendeley Desktop/Downloaded/FAIVRE - 2018 - PELT firm{\'{o}} un convenio con SANIPES , a fin de implementar un laboratorio de diagn{\'{o}}stico de enfermedades de esta especie .pdf:pdf},
mendeley-groups = {Thesis},
pages = {2018},
title = {{PELT firm{\'{o}} un convenio con SANIPES , a fin de implementar un laboratorio de diagn{\'{o}}stico de enfermedades de esta especie .}},
year = {2018}
}
@article{Hardy2009,
abstract = {General Information Rainbow trout are coldwater fish that have long been symbolic of clear, healthy mountain streams and lakes in North America. Because of their ability to thrive in hatcheries, rainbow trout have been introduced into much of the United States and now inhabit many streams and lakes throughout the country. The popularity of rain-bow trout among anglers has placed it among the top five sport fishes in North America, and it is considered by many to be the most important game fish west of the Rocky Mountains. However, reduction of good quality trout habitat due to streambank and upland soil erosion, loss of riparian vegetation, water diversion, logging and mining activities, and point and non–point source pollution from municipal development and agriculture have significantly reduced the distribution and abundance of rainbow trout. In addition, construction of dams, road crossings, and other structures impede the ability of rainbow trout to migrate upstream and down-stream, which is critical to successful completion of their life cycles. Consequently, nine different populations of steelhead (sea-run rainbow trout) have been added to the federal endangered species list. Implementing sound land management practices and stream and riparian improvements on private lands can help improve coldwater habitats used by rainbow trout and a host of other aquatic species. The life history requirements of the species vary tremendously depending on where the trout lives and whether it spends its life entirely in freshwater, or migrates to the sea for several years of growth be-fore returning to its freshwater birthplace to spawn. This leaflet will concentrate on the life history re-quirements of resident rainbow and redband trout, and the freshwater habitat needs of steelhead, collectively referred to here as rainbow trout. This leaflet is designed to introduce the habitat requirements of rainbow trout and to assist private landowners and man-agers in the development of trout habitat management plans. The success of any aquatic species management plan depends on targeting the needs of the desired species, analyzing the designated habitat area as a whole to ensure that all required habitat elements are present, and determining what management actions will best improve a stream or lake for the species and its biotic community. Range},
author = {Hardy, R. W.},
doi = {10.1079/9780851995199.0184},
file = {:C$\backslash$:/Users/PabloGod/AppData/Local/Mendeley Ltd./Mendeley Desktop/Downloaded/Hardy - 2009 - Rainbow trout, Oncorhynchus mykiss.pdf:pdf},
journal = {Nutrient requirements and feeding of finfish for aquaculture},
mendeley-groups = {Thesis},
number = {13},
pages = {184--202},
title = {{Rainbow trout, Oncorhynchus mykiss.}},
year = {2009}
}
@misc{SeafoodTradeIntelligencePortal2018,
abstract = {Trout production, which takes place in lakes and rivers in the Andes Mountains, is responsible for one quarter of Peru's total aquaculture production.},
author = {{Seafood Trade Intelligence Portal}},
keywords = {peru,trout},
mendeley-groups = {Thesis},
title = {{Trout in Peru}},
url = {https://seafood-tip.com/sourcing-intelligence/countries/peru/trout/},
urldate = {2019-09-05},
year = {2018}
}
@book{FONDEPES2014,
author = {FONDEPES},
mendeley-groups = {Thesis},
pages = {88},
title = {{Manual de crianza de trucha en ambientes convencionales}},
url = {https://www.fondepes.gob.pe/src/manuales/MANUAL{\_}TRUCHA.pdf},
year = {2014}
}
@phdthesis{Para2018,
author = {Para, Tesis and El, Optar},
file = {:C$\backslash$:/Users/PabloGod/AppData/Local/Mendeley Ltd./Mendeley Desktop/Downloaded/Para, El - 2018 - DIAGN{\'{O}}STICO SITUACIONAL DE LA CRIANZA DE TRUCHAS ARCO IRIS ( Oncorhynchus mykiss ) EN CENTROS DE CULTIVO DEL LAGO TITI.pdf:pdf},
mendeley-groups = {Thesis},
title = {{DIAGN{\'{O}}STICO SITUACIONAL DE LA CRIANZA DE TRUCHAS ARCO IRIS ( Oncorhynchus mykiss ) EN CENTROS DE CULTIVO DEL LAGO TITICACA}},
year = {2018}
}
@article{Varalakshmi2019,
author = {Varalakshmi, P and J, Julanta Leela Rachel},
file = {:C$\backslash$:/Users/PabloGod/Creative Cloud Files/Downloads/0 TESIS/bibliografia/varalakshmi2019.pdf:pdf},
isbn = {9781538693711},
journal = {2019 3rd International Conference on Computing and Communications Technologies (ICCCT)},
pages = {168--172},
publisher = {IEEE},
title = {{Recognition Of Fish Categories Using Deep Learning Technique}},
year = {2019}
}
@phdthesis{Bjarnason2016,
abstract = {In the salmon farming industry, the salmon can be deformed, for example, in a circular shape or too thin. When the deformed salmon is gutted using automated machine, it can either cause the machine to stop or cause damage to the fish. To prevent this happening, human inspectors must decide whether the fish fits the machine. There are high salaries in Norway compared to other countries where other farming plants are, which provides a need for more automation. With more automation, Norway could be more competitive on the global market. The project presents a method to detect deformed salmon with a vision system. It includes measuring the geometric parameters of the fish, such as length, width, and angle of the back. By utilizing the parameters, a classifier was implemented to decide whether the fish is deformed. The software Halcon was used to make the image analysis program},
author = {Bjarnason, Bjarni},
file = {:C$\backslash$:/Users/PabloGod/AppData/Local/Mendeley Ltd./Mendeley Desktop/Downloaded/Bjarnason - 2016 - Computer vision system to detect salmon deformity.pdf:pdf},
mendeley-groups = {Thesis},
pages = {100},
title = {{Computer vision system to detect salmon deformity}},
url = {https://www.semanticscholar.org/paper/Computer-vision-system-to-detect-salmon-deformity-Bjarnason/939bb6e7f33a8d8895d8780cf76807d64f72f0ae},
year = {2016}
}
@misc{AquaScan2015,
abstract = {The 4" pipe has moderate pump requirements, and the DN100 flange connection makes the installation easy. This compact and lightweight unit can be placed almost anywhere, and dismounted and moved with hardly no effort. Despite its size, CSF1000 will move and count fry at an impressive rate.},
author = {AquaScan},
file = {:C$\backslash$:/Users/PabloGod/AppData/Local/Mendeley Ltd./Mendeley Desktop/Downloaded/AquaScan - 2015 - AquaScan Registration Unit CSF1600.pdf:pdf},
mendeley-groups = {Thesis},
pages = {1600},
title = {{AquaScan Registration Unit CSF1600}},
url = {http://www.aquascan.com/event/dolink/famid/347548},
year = {2015}
}
@phdthesis{,
abstract = {Los deficientes m{\'{e}}todos de clasificaci{\'{o}}n que son utilizados para obtener datos estimados y/o aproximaciones de las poblaciones de peces, datos como: peso, tama{\~{n}}o, cantidad de poblaci{\'{o}}n, estado f{\'{i}}sico, etc; demandan mucho tiempo, teniendo en cuenta que el desarrollo de la tecnolog{\'{i}}a aplicada en la acuicultura en el Per{\'{u}} es escaso.},
booktitle = {Journal of Chemical Information and Modeling},
file = {:C$\backslash$:/Users/PabloGod/AppData/Local/Mendeley Ltd./Mendeley Desktop/Downloaded/Unknown - 2016 - Desarrollo de un sistema de visi{\'{o}}n artificial para mejorar la clasificaci{\'{o}}n de peces en la ciudad de Puno.pdf:pdf},
keywords = {icle},
mendeley-groups = {Thesis},
title = {{Desarrollo de un sistema de visi{\'{o}}n artificial para mejorar la clasificaci{\'{o}}n de peces en la ciudad de Puno.}},
url = {https://es.scribd.com/document/376154300/DESARROLLO-DE-UN-SISTEMA-DE-VISION-ARTIFICIAL-PARA-MEJORAR-LA-CLASIFICACION-DE-PECES-EN-LA-CIUDAD-DE-PUNO},
year = {2016}
}
@phdthesis{OrellanaLizano2008,
abstract = {En nuestros d{\'{i}}as la acuicultura representa una de las actividades m{\'{a}}s importantes que se vienen desarrollando a lo largo de los {\'{u}}ltimos a{\~{n}}os debido a la necesidad de contar con otra fuente de alimentaci{\'{o}}n para proveer a la poblaci{\'{o}}n mundial que d{\'{i}}a a d{\'{i}}a crece desmesuradamente. Por lo tanto, existe la necesidad de implementar equipos tecnol{\'{o}}gicos para obtener recursos de mejor calidad; adem{\'{a}}s, reducir y evitar la muerte de dichos recursos alimenticios por la mala manipulaci{\'{o}}n de las personas en la etapa de crianza. La situaci{\'{o}}n actual en el Per{\'{u}} es cr{\'{i}}tica a pesar que se hace uso de tecnolog{\'{i}}a en la acuicultura; sin embargo, dicha tecnolog{\'{i}}a es muy precaria o no es la adecuada para ser utilizada y ello ocasiona que los peces obtenidos no sean de buena calidad o que haya una alta mortandad de dichos peces por la mala aplicaci{\'{o}}n de la tecnolog{\'{i}}a. Justamente uno de los principales problemas que se presenta es la alta mortandad de peces en el proceso de selecci{\'{o}}n que se realiza cuando est{\'{a}}n listas para ser llevadas al mercado ocasionando as{\'{i}} p{\'{e}}rdidas econ{\'{o}}micas para el acuicultor. Es por ello que se plantea el desarrollo de un algoritmo que permita estimar el tama{\~{n}}o de los peces sin la necesidad de que haya contacto f{\'{i}}sico entre el hombre y los animales aplicando, para ello, t{\'{e}}cnicas de visi{\'{o}}n por computadora. Para realizar el planteamiento se realiz{\'{o}} estudios de las diferentes t{\'{e}}cnicas empleadas en visi{\'{o}}n por computadora y la necesidad de contar con im{\'{a}}genes tomadas por c{\'{a}}maras seleccionadas para el posterior procesamiento con los m{\'{e}}todos estudiados. Finalmente se obtiene las longitudes medidas con un margen de error menor al 10{\%} lo cual indica que un sistema de visi{\'{o}}n por computadora es eficiente.},
author = {{Orellana Lizano}, Henry},
file = {:C$\backslash$:/Users/PabloGod/AppData/Local/Mendeley Ltd./Mendeley Desktop/Downloaded/Orellana Lizano - 2008 - Dise{\~{n}}o y desarrollo de un algoritmo que permita estimar el tama{\~{n}}o de peces, aplicando visi{\'{o}}n por computadora, y.pdf:pdf},
keywords = {cultivo de truchas,trout,trucha},
mendeley-groups = {Thesis},
mendeley-tags = {cultivo de truchas,trout,trucha},
pages = {147},
title = {{Dise{\~{n}}o y desarrollo de un algoritmo que permita estimar el tama{\~{n}}o de peces, aplicando visi{\'{o}}n por computadora, y propuesta para realizar la selecci{\'{o}}n adecuada de dichos peces}},
url = {http://tesis.pucp.edu.pe/repositorio/handle/20.500.12404/275},
year = {2008}
}
@article{Encinas2017,
abstract = {{\textcopyright} 2017 IEEE. In this work we present the prototype and proof of concept of a distributed monitoring system of the most important variables in aquaculture water quality. This is of great importance because aquaculture is a lagging area of technology compared to other areas such as agriculture. So it is important to solve the problems that are in this area with the support of technology. Among the problems is the slow response time in the care of water quality, the waste of resources and losses. The system proposed in this work monitors the water quality based on wireless sensor networks and on the Internet of Things (IoT). This information is important for the development of this area, since it allows sharing the different conditions in the breeding of aquatic organisms between different breeders and organizations. This information is useful to know the conditions in which there is a better development of a product, worse development, what conditions can mean a possible disaster in the environment and how to optimize resources for the care of the pond.},
author = {Encinas, Cesar and Ruiz, Erica and Cortez, Joaquin and Espinoza, Adolfo},
doi = {10.1109/WTS.2017.7943540},
file = {:C$\backslash$:/Users/PabloGod/Creative Cloud Files/Downloads/0 TESIS/bibliografia/NK006-20170911001.pdf:pdf},
isbn = {9781509035991},
issn = {19345070},
journal = {Wireless Telecommunications Symposium},
keywords = {Aquaculture,Business {\&} applications,Global wireless services,Internet of Things,Mobile {\&} cloud computing,Wireless sensor networks},
mendeley-groups = {Thesis},
title = {{Design and implementation of a distributed IoT system for the monitoring of water quality in aquaculture}},
year = {2017}
}
@article{Flores2010,
abstract = {El presente documento, pone en disposici{\'{o}}n, a los productores artesanales de trucha en las Provincias de Puno, El Collao y la Regi{\'{o}}n de Puno,es una herramienta de apoyo t{\'{e}}cnico e informaci{\'{o}}n b{\'{a}}sica necesaria para la producci{\'{o}}n de trucha mediante la aplicaci{\'{o}}n de tecnolog{\'{i}}as validadas tomando en cuenta el enfoque de la cadena productiva implementada por el PROYECTO “MEJORANDO LA RENTABILIDAD DE LA TRUCHICULTURA EN EL LAGO TITICACA CON VISI{\'{O}}N EMPRESARIAL Y RESPONSABILIDAD SOCIAL AMBIENTAL” de la Asociaci{\'{o}}n Civil LABOR y la Asociaci{\'{o}}n de Productores de Trucha – Puno. Gracias al apoyo financiero de FONDOEMPLEO. Es necesario recordar a los productores artesanales de trucha que la asistencia t{\'{e}}cnica y la capacitaci{\'{o}}n para el desarrollo de la cadena productiva de la trucha con responsabilidad social y ambiental son aspectos muy importantes, por lo tanto se{\~{n}}ores (as) productores asociados o individuales deben proyectarse a obtener un producto de calidad, volumen y frecuencia de producci{\'{o}}n de trucha},
author = {Flores, Jes{\'{u}}s Manual Mariscal and Quispe, Miguel {\'{A}}ngel Yucra and Flores, Am{\'{e}}rico Quiroga and Arias, Lieslie Gallegos and Quispe, Wilfredo Pari and Sairitupa, Juan Carlos Ccanque and Pinto, Milagros Ventura and Mamani, Hilda Quispe and Condori, Emeterio Morales},
file = {:C$\backslash$:/Users/PabloGod/Creative Cloud Files/Downloads/0 TESIS/bibliografia/modulo{\_}buenas{\_}practicas{\_}produccion{\_}truchicola{\_}puno{\_}2010.pdf:pdf},
journal = {M{\'{o}}dulo de buenas pr{\'{a}}cticas en la producci{\'{o}}n de trucha},
mendeley-groups = {Thesis},
pages = {39},
title = {{Mejorando la rentabilidad de la truchicultura en el lago titicaca con vision empresarial y responsabilidad social ambiental}},
url = {http://www.labor.org.pe/descargas/modulo{\_}buenas{\_}practicas{\_}produccion{\_}truchicola{\_}puno{\_}2010.pdf},
year = {2010}
}
@article{DOrbcastel2009,
abstract = {Life Cycle Assessment (LCA) was applied to evaluate the global environmental impact of two scenarios of trout production systems based on the operational information from an operational farm using a flow through system (FTF) and an experimental pilot low head recirculating system (RSF) located on the same site. The main differences between the environmental balances of the two systems were relative to water use, eutrophication potential and energy use. Independently of the system used, feed is the key indicator in determining the environmental balance (notwithstanding eutrophication potential and water dependence) monitored by fish production, chemical products, buildings and energy consumption. Consequently, when considering the RSF with a lower feed conversion ratio (0.8 versus 1.1 for FTF), the environmental balance of the RSF is more favourable at both global and regional levels, except with regards to energy use. RSF water dependence is 93{\%} lower than the FTF and its eutrophication potential is 26-38{\%} lower due to reduced waste release. On the other hand, at 57,659 MJ per ton of fish produced (16 kWh per kg), the RSF consumes 24-40{\%} more energy than the FTF, especially for aeration and water treatment. Nevertheless, the RSF has significant potential for energy reduction through improvements to airlift and biofilter designs which would reduce RSF energy use to a level similar to that of the FTF (34,869-43,841 MJ per ton of fish produced, corresponding to 10 and 12 kWh respectively). LCA is therefore a powerful tool which can be used on fish farms to define and prioritise the most promising potential improvements to the system. {\textcopyright} 2008 Elsevier B.V. All rights reserved.},
author = {D'Orbcastel, Emmanuelle Roque and Blancheton, Jean Paul and Aubin, Jo{\"{e}}l},
doi = {10.1016/j.aquaeng.2008.12.002},
file = {:C$\backslash$:/Users/PabloGod/Creative Cloud Files/Downloads/0 TESIS/bibliografia/Hacia una acuicultura ambientalmente sostenible Comparaci{\'{o}}n entre dos sistemas de cr{\'{i}}a de truchas mediante el an{\'{a}}lisis del ciclo de vida.pdf:pdf},
issn = {01448609},
journal = {Aquacultural Engineering},
keywords = {Aquaculture,Flow through system,Life Cycle Assessment,Recirculation system,Trout},
mendeley-groups = {Thesis},
number = {3},
pages = {113--119},
title = {{Towards environmentally sustainable aquaculture: Comparison between two trout farming systems using Life Cycle Assessment}},
volume = {40},
year = {2009}
}
@article{White2006,
abstract = {Trials of a computer vision machine (The CatchMeter) for identifying and measuring different species of fish are described. The fish are transported along a conveyor underneath a digital camera. Image processing algorithms: determine the orientation of the fish utilising a moment-invariant method, identify whether the fish is a flatfish or roundfish with 100{\%} accuracy, measure the length with a standard deviation of 1.2 mm and species with up to 99.8{\%} sorting reliability for seven species of fish. The potential application of the system onboard both research and commercial ships is described. The machine can theoretically process up to 30,000 fish/h using a single conveyor based system. {\textcopyright} 2006 Elsevier B.V. All rights reserved.},
author = {White, D.J. and Svellingen, C. and Strachan, N.J.C.},
doi = {10.1016/j.fishres.2006.04.009},
file = {:C$\backslash$:/Users/PabloGod/Creative Cloud Files/Downloads/0 TESIS/bibliografia/automatedmeasurementoffish.pdf:pdf},
issn = {01657836},
journal = {Fisheries Research},
keywords = {Computer vision,Fish,Fish species,Image processing,Sorting},
mendeley-groups = {Thesis},
month = {sep},
number = {2-3},
pages = {203--210},
title = {{Automated measurement of species and length of fish by computer vision}},
url = {https://linkinghub.elsevier.com/retrieve/pii/S0165783606001512},
volume = {80},
year = {2006}
}
@article{Niu2018,
abstract = {Assessment of the behavior or physiology of cultured fish has always been difficult due to the sampling time, differences between experimental and aquaculture conditions, and methodological bias inherent. Recent developments in computer vision technology, however, have opened possibilities to better observe fish behavior. Such technology allows for non-destructive, rapid, economic, consistent, and objective inspection tools, while providing evaluation techniques based on image analysis and processing in a wide variety of applications. “Fish”, in this study, refers to underwater vertebrate fish belonging to the Pisces class that inhabit almost all available aquatic environments. This study aims to assess current, worldwide fish behavior study methods that use cameras which utilize computer vision. The evolution of computer vision as applied to fish behavior is explored in this paper for all stages of production, from hatcheries to harvest. Computer vision technology is regarded as existing from 1973 to 2018, specifically the Elsevier database. Fish behavior and underwater habitats are explored at large, especially in aquaculture fishing. Based on the methods observed above, relevant viewpoints on the present situation are presented as well as suggestions for future research directions.},
author = {Niu, Bingshan and Li, Guangyao and Peng, Fang and Wu, Jing and Zhang, Long and Li, Zhenbo},
doi = {10.4172/2155-9546.1000534},
file = {:C$\backslash$:/Users/PabloGod/AppData/Local/Mendeley Ltd./Mendeley Desktop/Downloaded/Niu et al. - 2018 - Survey of Fish Behavior Analysis by Computer Vision.pdf:pdf},
journal = {Journal of Aquaculture Research {\&} Development},
keywords = {computer vision,fish behaviour,machine vision},
mendeley-groups = {Thesis},
number = {05},
title = {{Survey of Fish Behavior Analysis by Computer Vision}},
volume = {09},
year = {2018}
}
@techreport{MinisteriodelaProducciondelPeru2018,
abstract = {El Ministerio de la Producci{\'{o}}n – PRODUCE, como {\'{o}}rgano rector del sector Pesca-Acuicultura y en cumplimiento a su objetivo de brindar de manera trasparente la informaci{\'{o}}n estad{\'{i}}stica correspondiente al desenvolvimiento productivo del Sector, con el prop{\'{o}}sito de contribuir al conocimiento general, pone a disposici{\'{o}}n de las instituciones p{\'{u}}blicas, privadas y usuarios en general, el documento “ANUARIO ESTAD{\'{I}}STICO PESQUERO Y ACU{\'{I}}COLA – 2017 ''. A trav{\'{e}}s del presente documento, se expone la informaci{\'{o}}n estad{\'{i}}stica ordenada, clasificada y detallada sobre el desarrollo de la actividad productiva del Sector Pesca y Acuicultura en sus fases de Desembarque, Cosecha, Procesamiento y Comercializaci{\'{o}}n de recursos hidrobiol{\'{o}}gicos, en sus diferentes utilizaciones y {\'{a}}mbitos de operaci{\'{o}}n; cuyos datos tienen como fuente la informaci{\'{o}}n proporcionada por los diversos establecimientos industriales pesqueros y acu{\'{i}}colas mediante la encuesta Estad{\'{i}}stica Pesquera Mensual, as{\'{i}} como los informes t{\'{e}}cnicos elaborados por las Direcciones Regionales de la Producci{\'{o}}n a nivel nacional. De conformidad a las funciones establecidas en ROF mediante el Decreto Supremo N° 002-2017-PRODUCE, la Oficina de Estudios Econ{\'{o}}micos de la Oficina General de Evaluaci{\'{o}}n de Impacto y Estudios Econ{\'{o}}micos, ejecuta tareas de recopilaci{\'{o}}n, consistencia, procesamiento y an{\'{a}}lisis de los datos b{\'{a}}sicos de los diversos agentes productivos bajo la jurisdicci{\'{o}}n administrativa del Sector Pesca y Acuicultura, complementados con datos oficiales de la Superintendencia Nacional de Administraci{\'{o}}n Tributaria - SUNAT respecto a la informaci{\'{o}}n sobre comercio exterior; generando y obteniendo resultados con un nivel de confiabilidad y comparabilidad de las variables e indicadores m{\'{a}}s relevantes de la actividad extractiva, procesamiento y comercializaci{\'{o}}n de productos hidrobiol{\'{o}}gicos. La informaci{\'{o}}n presentada se registra en t{\'{e}}rminos mensuales para el periodo 2017, y anualmente en t{\'{e}}rminos acumulados para los {\'{u}}ltimos diez a{\~{n}}os, con la finalidad de aportar y facilitar con elementos necesarios y de utilidad para las diversas instituciones del pa{\'{i}}s y del exterior, manteniendo un nivel de detalle que permita disponer de una informaci{\'{o}}n b{\'{a}}sica para una adecuada consulta de los investigadores, inversionistas, profesionales y usuarios en general. Al respecto, la Oficina General de Evaluaci{\'{o}}n de Impacto y Estudios Econ{\'{o}}micos, en representaci{\'{o}}n de PRODUCE, expresa su reconocimiento y agradecimiento por el valioso apoyo de las empresas industriales pesqueras y acu{\'{i}}colas, Direcciones Regionales de la Producci{\'{o}}n de los Gobiernos Regionales y otras dependencias del Sector Pesca y Acuicultura a nivel nacional, al facilitar la informaci{\'{o}}n b{\'{a}}sica a trav{\'{e}}s de las investigaciones estad{\'{i}}sticas que se desarrollan en el marco de sus funciones y las normas t{\'{e}}cnicas-legales del Sector y el Sistema Estad{\'{i}}stico Nacional.},
address = {Lima},
author = {{Ministerio de la Producci{\'{o}}n del Per{\'{u}}}},
file = {:C$\backslash$:/Users/PabloGod/AppData/Local/Mendeley Ltd./Mendeley Desktop/Downloaded/Actividad, Del, En - 2018 - Anuario Estad{\'{i}}stico Pesquero y Acuicola 2017.pdf:pdf},
keywords = {anuario pesquero,ministerio de producci{\'{o}}n,trucha},
mendeley-groups = {Thesis},
mendeley-tags = {anuario pesquero,ministerio de producci{\'{o}}n,trucha},
pages = {205},
title = {{Anuario Estad{\'{i}}stico Pesquero y Acuicola 2017}},
url = {http://ogeiee.produce.gob.pe/index.php/shortcode/oee-documentos-publicaciones/publicaciones-anuales/item/825-anuario-estadistico-pesquero-y-acuicola-2017},
year = {2018}
}
@misc{Agroindustria,
author = {de Agroindustria, Ministerio},
file = {:C$\backslash$:/Users/PabloGod/AppData/Local/Mendeley Ltd./Mendeley Desktop/Downloaded/Unknown - Unknown - Arco iris en sistema intensivo en jaulas flotantes .pdf:pdf},
mendeley-groups = {Thesis},
title = {{An{\'{a}}lisis de los costos de una producci{\'{o}}n de trucha arco iris en sistema intensivo en jaulas flotantes}}
}
@misc{FAO2005,
abstract = {La clasificaci{\'{o}}n de peces en grupos de individuos de tama{\~{n}}o similar, es una pr{\'{a}}ctica com{\'{u}}n en la gesti{\'{o}}n de granjas acu{\'{i}}colas.},
author = {FAO},
file = {:C$\backslash$:/Users/PabloGod/Creative Cloud Files/Downloads/0 TESIS/bibliografia/fao{\_}clasificacion{\_}truchas.pdf:pdf},
mendeley-groups = {Thesis},
pages = {16},
title = {{Clasificacion Por Tama{\~{n}}o De Los Peces}},
url = {http://www.fao.org/fishery/static/FAO{\_}Training/FAO{\_}Training/General/x6709s/x6709s12.htm{\#}top},
year = {2005}
}
@phdthesis{Vega2013,
abstract = {Tesis},
author = {Vega, Angel},
file = {:C$\backslash$:/Users/PabloGod/AppData/Local/Mendeley Ltd./Mendeley Desktop/Downloaded/Vega - 2013 - Dise{\~{n}}o de una M{\'{a}}quina selecionadora de Truchas.pdf:pdf},
mendeley-groups = {Thesis},
pages = {107},
title = {{Dise{\~{n}}o de una M{\'{a}}quina selecionadora de Truchas}},
year = {2013}
}
@article{Martinez2003,
author = {Martinez, Jos{\'{e}}},
file = {:C$\backslash$:/Users/PabloGod/AppData/Local/Mendeley Ltd./Mendeley Desktop/Downloaded/Martinez - 2003 - Referencias Documentales Bajo El Sistema “ Harvard ”.pdf:pdf},
mendeley-groups = {Thesis},
title = {{Referencias Documentales Bajo El Sistema “ Harvard ”}},
url = {http://www.tesispsico.unlugar.com/mat{\_}catedra/investig{\_}documental.pdf},
year = {2003}
}
@book{FAO2017,
abstract = {Nicotine, the chemical compound which causes cigarette addiction, could be responsible for some lung cancers. Evidence for genetic influence on smoking behavior and nicotine dependence has prompted a search for susceptibility genes. Furthermore, assessing the impact of sequence variants on smoking-related diseases is important to public health. Recently, the locus containing two genes encoding nicotine acetylcholine receptor subunits, CHRNA3 and CHRNA5, were shown to be associated with lung cancer risk. Here we performed to directly test whether variants at codon 398 (D398N) of CHRNA5 with an effect on nicotine sensitivity in lung cancer cells in vitro. The results showed that nicotine accelerated cell proliferation of lung cancer in time dependent and dose dependent manners and there were different optimal concentrations of nicotine on cell proliferations of lung cancer with CHRNA5 SNP398 variants. Expression of CHRNA5 mRNA was increased in lung cancer cell after nicotine treatment. These results suggest that CHRNA5 variants may be related to nicotine sensitivity in lung cancer. 2010 IEEE.},
author = {FAO},
doi = {10.1109/BMEI.2010.5639447},
file = {:C$\backslash$:/Users/PabloGod/AppData/Local/Mendeley Ltd./Mendeley Desktop/Downloaded/FAO (Food {\&} Agriculture Organisation) - 2017 - Statistics Fisheries and Aquaculture Statistics Statistiques Des P{\^{e}}ches.pdf:pdf},
isbn = {9789250099873},
mendeley-groups = {Thesis},
pages = {107pp},
title = {{Statistics Fisheries and Aquaculture Statistics Statistiques Des P{\^{e}}ches}},
year = {2017}
}
@misc{Fang2015,
abstract = {The utility model provides a full -automatic fish grader, including first lifting machine, second lifting machine and grader, the output of first lifting machine is located the top of second lifting machine input, second lifting machine output is located the top of grader input, fixedly connected with water pump on the second lifting machine, a plurality of condenser tube of fixedly connected with on the water pump, condenser tube fixes on the shower, the shower is fixed in the frame of first lifting machine output, in the frame of second lifting machine output or in the frame of grader input. It rectifies and improves perfectly to current fish grader, realized the rotation of assorting cylinder, avoids the fish adhesion on the assorting cylinder to reduce the emergence of size misclassification phenomenon when dividing the fish, the fish grader configuration two -stage lifting machine that adopts simultaneously, the fish of treating branchs through water on the lifting machine carries out spray cooling, can cool off the fish, makes things convenient for the refrigeration of fish, sparingly the electric energy, can also wash the fish, reduce the viscidity of fish itself and avoid fish gliding in -process to take place the wearing and tearing damage.},
author = {Fang, Jianfa and Zhu, Jianfeng and Meng, Lina and Zhao, Bo and Liang, Yue and Shao, Liming},
file = {:C$\backslash$:/Users/PabloGod/AppData/Local/Mendeley Ltd./Mendeley Desktop/Downloaded/Fang et al. - 2015 - Full -automatic fish grader.pdf:pdf},
mendeley-groups = {Thesis},
pages = {11},
title = {{Full -automatic fish grader}},
url = {https://patents.google.com/patent/CN205180233U/en?oq=CN205180233U},
year = {2015}
}
@article{GuevaraPatino2016,
abstract = {Este escrito presenta el estado del arte como algo m{\'{a}}s que una simple t{\'{e}}cnica; una indagaci{\'{o}}n de nuevos sentidos, que trasciende
el nivel descriptivo de los datos para establecer nuevas relaciones de interpretaci{\'{o}}n entre las categor{\'{i}}as del objeto de estudio en las
distintas producciones investigativas y crear nuevas miradas de investigaci{\'{o}}n y formaci{\'{o}}n. Con tal prop{\'{o}}sito, se esboza una aproximaci{\'{o}}n conceptual del estado del arte, su g{\'{e}}nesis y su definici{\'{o}}n; y como planteamiento central se propone que la investigaci{\'{o}}n
alternativa articule tres elementos esenciales. En este sentido, se sugiere avanzar en el campo te{\'{o}}rico y metodol{\'{o}}gico del estado
del arte como propuesta de una mirada cr{\'{i}}tica a estrategias metodol{\'{o}}gicas del objeto de estudio que promuevan la participaci{\'{o}}n,
la autocr{\'{i}}tica y la deliberaci{\'{o}}n de las comunidades educativas.},
author = {{Guevara Pati{\~{n}}o}, Ragnhild},
doi = {10.17227/01234870.44folios165.179},
file = {:C$\backslash$:/Users/PabloGod/AppData/Local/Mendeley Ltd./Mendeley Desktop/Downloaded/Guevara Pati{\~{n}}o - 2016 - El estado del arte en la investigaci{\'{o}}n ¿an{\'{a}}lisis de los conocimientos acumulados o indagaci{\'{o}}n por nuevos sentido.pdf:pdf},
issn = {01234870},
journal = {Folios},
keywords = {estado del arte,investigaci{\'{o}}n alternativa,postura epistemol{\'{o}}gica},
mendeley-groups = {Thesis},
number = {44},
pages = {165--179},
title = {{El estado del arte en la investigaci{\'{o}}n: ¿an{\'{a}}lisis de los conocimientos acumulados o indagaci{\'{o}}n por nuevos sentidos?}},
volume = {1},
year = {2016}
}
